@INPROCEEDINGS{paper,
AUTHOR    = {David Held AND Jesse Levinson AND Sebastian Thrun AND Silvio Savarese},
TITLE     = {{Combining 3D Shape, Color, and Motion for Robust Anytime Tracking}},
BOOKTITLE = {Proceedings of Robotics: Science and Systems},
YEAR      = {2014},
ADDRESS   = {Berkeley, USA},
MONTH     = {July}
}

@article{auto-cars,
  title={{Google Cars Drive Themselves, in Traffic}},
  author={Markoff, John},
  journal={New York Times},
  volume={9},
  year={2010}
}

@misc{auto-delivery-drones,
  title={{Amazon Promises Package Delivery By Drone: Is It for Real?}},
  author={Ackerman,Evan},
  journal={IEEE Spectrum},
  year=2013,
  howpublished =      {\url{http://spectrum.ieee.org/automaton/robotics/aerial-robots/when-drone-delivery-makes-sense}},
}

@inproceedings{auto-drones,
  title={{Autonomous Searching and Tracking of a River using an UAV}},
  author={Rathinam, Sivakumar and Almeida, Pedro and Kim, ZuWhan and Jackson, Steven and Tinka, Andrew and Grossman, William and Sengupta, Raja},
  booktitle={American Control Conference, 2007. ACC'07},
  pages={359--364},
  year={2007},
  organization={IEEE}
}

@article{kiva,
  title={{Three Engineers, Hundreds of Robots, One Warehouse}},
  author={Guizzo, Erico},
  journal={Spectrum, IEEE},
  volume={45},
  number={7},
  pages={26--34},
  year={2008},
  publisher={IEEE}
}

@article{athome,
  title={{Domestic Service Robots in the Real World}},
  author={Iocchi, Luca and Ruiz-del-Solar, Javier and van der Zant, Tijn},
  journal={Journal of Intelligent \& Robotic Systems},
  volume={66},
  number={1},
  pages={183--186},
  year={2012},
  publisher={Springer}
}

@misc{held-website,
  author    = {David Held AND Jesse Levinson AND Sebastian Thrun AND Silvio Savarese},
  title =        {{Anytime Tracking}},
  year={2015},
  howpublished =      {\url{http://stanford.edu/~davheld/DavidHeld_files/RSS2014_Poster.pdf}},
}


@misc{traffic-deaths,
  author    = {{European Commission / Directorate General Energy and Transport}},
  title =        {{Road safety evolution in EU}},
  year={2015},
  howpublished =      {\url{http://ec.europa.eu/transport/road_safety/pdf/observatory/historical_evol.pdf}},
}

@inproceedings{segmentation,
  title={{What Could Move? Finding Cars, Pedestrians and Bicyclists in 3D Laser Data}},
  author={Wang, Dominic Zeng and Posner, Ingmar and Newman, Paul},
  booktitle={Robotics and Automation (ICRA), 2012 IEEE International Conference on},
  pages={4038--4044},
  year={2012},
  organization={IEEE}
}

@inproceedings{arbitrary-object-recognition,
  title={{Towards 3D Object Recognition via Classification of Arbitrary Object Tracks}},
  author={Teichman, Alex and Levinson, Jesse and Thrun, Sebastian},
  booktitle={Robotics and Automation (ICRA), 2011 IEEE International Conference on},
  pages={4034--4041},
  year={2011},
  organization={IEEE}
}

@inproceedings{kalman-centroid,
  title={{Generative object detection and tracking in 3D range data}},
  author={Kaestner, Ralf and Maye, J{\'e}r{\^o}me and Pilat, Yves and Siegwart, Roland},
  booktitle={Robotics and Automation (ICRA), 2012 IEEE International Conference on},
  pages={3075--3081},
  year={2012},
  organization={IEEE}
}

@inproceedings{towards-aut-cars,
  title={{Towards fully autonomous driving: Systems and algorithms}},
  author={Levinson, Jesse and Askeland, Jake and Becker, Jan and Dolson, Jennifer and Held, David and Kammel, Soeren and Kolter, J Zico and Langer, Dirk and Pink, Oliver and Pratt, Vaughan and others},
  booktitle={Intelligent Vehicles Symposium (IV), 2011 IEEE},
  pages={163--168},
  year={2011},
  organization={IEEE}
}

@inproceedings{kalman-bounding-box,
  title={{Detection, classification and tracking of moving objects in a 3D environment}},
  author={Azim, Asma and Aycard, Olivier},
  booktitle={Intelligent Vehicles Symposium (IV), 2012 IEEE},
  pages={802--807},
  year={2012},
  organization={IEEE}
}

@article{kalman-bounding-box2,
  title={{A perception-driven autonomous urban vehicle}},
  author={Leonard, John and How, Jonathan and Teller, Seth and Berger, Mitch and Campbell, Stefan and Fiore, Gaston and Fletcher, Luke and Frazzoli, Emilio and Huang, Albert and Karaman, Sertac and others},
  journal={Journal of Field Robotics},
  volume={25},
  number={10},
  pages={727--774},
  year={2008},
  publisher={Wiley Online Library}
}

@inproceedings{kalman-bounding-box3,
  title={{Vehicle and object models for robust tracking in traffic scenes using laser range images}},
  author={Streller, Daniel and Furstenberg, K and Dietmayer, Klaus},
  booktitle={Intelligent Transportation Systems, 2002. Proceedings. The IEEE 5th International Conference on},
  pages={118--123},
  year={2002},
  organization={IEEE}
}

@book{ai-modern,
  title={{Artificial Intelligence: A Modern Approach}},
  author={Russell, S. and Norvig, P.},
  series={Always learning},
  year={2013},
  publisher={Pearson}
}

@inproceedings{use-car-shape,
  title={{Moving Vehicle Detection and Tracking in Unstructured Environments}},
  author={Wojke, Nicolai and Haselich, M},
  booktitle={Robotics and Automation (ICRA), 2012 IEEE International Conference on},
  pages={3082--3087},
  year={2012},
  organization={IEEE}
}

@inproceedings{use-car-shape2,
  title={{Classification and Tracking of Dynamic Objects with Multiple Sensors for Autonomous Driving in Urban Environments}},
  author={Darms, Michael and Rybski, Paul and Urmson, Chris},
  booktitle={Intelligent Vehicles Symposium, 2008 IEEE},
  pages={1197--1202},
  year={2008},
  organization={IEEE}
}

@article{use-car-shape3,
  title={{Model based vehicle detection and tracking for autonomous urban driving}},
  author={Petrovskaya, Anna and Thrun, Sebastian},
  journal={Autonomous Robots},
  volume={26},
  number={2-3},
  pages={123--139},
  year={2009},
  publisher={Springer}
}

@article{icp,
  title={{The Multi-Iterative Closest Point Tracker: An Online Algorithm for Tracking Multiple Interacting Targets}},
  author={Feldman, Adam and Hybinette, Maria and Balch, Tucker},
  journal={Journal of Field Robotics},
  volume={29},
  number={2},
  pages={258--276},
  year={2012},
  publisher={Wiley Online Library}
}

@inproceedings{icp2,
  title={{Joint Self-Localization and Tracking of Generic Objects in 3D Range Data}},
  author={Moosmann, Frank and Stiller, Christoph},
  booktitle={Robotics and Automation (ICRA), 2013 IEEE International Conference on},
  pages={1146--1152},
  year={2013},
  organization={IEEE}
}

@inproceedings{icp-bad,
  title={{Precision Tracking with Sparse 3D and Dense Color 2D Data}},
  author={Held, David and Levinson, Jesse and Thrun, Sebastian},
  booktitle={Robotics and Automation (ICRA), 2013 IEEE International Conference on},
  pages={1138--1145},
  year={2013},
  organization={IEEE}
}

@inproceedings{icp-bad2,
  title={{Real-Time Correlative Scan Matching}},
  author={Olson, Edwin B},
  booktitle={Robotics and Automation, 2009. ICRA'09. IEEE International Conference on},
  pages={4387--4393},
  year={2009},
  organization={IEEE}
}

@book{leibe-tracking-before-detection,
  title={{Taking Mobile Multi-Object Tracking to the Next Level: People, Unknown Objects, and Carried Items}},
  author={Mitzel, Dennis and Leibe, Bastian},
  year={2012},
  publisher={Springer}
}

@inproceedings{lidar-vs-stereo,
  title={{On Benchmarking Camera Calibration and Multi-View Stereo for High Resolution Imagery}},
  author={Strecha, Christoph and von Hansen, Wolfgang and Van Gool, Luc and Fua, Pascal and Thoennessen, Ulrich},
  booktitle={Computer Vision and Pattern Recognition, 2008. CVPR 2008. IEEE Conference on},
  pages={1--8},
  year={2008},
  organization={IEEE}
}

@inproceedings{single-camera-tracking,
  title={{Vision Based Hand Modeling and Tracking for Virtual Teleconferencing and Telecollaboration}},
  author={Kuch, James J and Huang, Thomas S},
  booktitle={Computer Vision, 1995. Proceedings., Fifth International Conference on},
  pages={666--671},
  year={1995},
  organization={IEEE}
}

@inproceedings{multi-res-grid-slam,
  title={{A robot localization method based on Evidence Accumulation and Multi-Resolution}},
  author={Marcello, R and Sorrenti, Domenico G and Marchese, Fabio M},
  booktitle={Intelligent Robots and Systems, 2002. IEEE/RSJ International Conference on},
  volume={1},
  pages={415--420},
  year={2002},
  organization={IEEE}
}

@inproceedings{multi-res-grid-slam2,
  title={{Hierarchical Monte-Carlo Localization Balances Precision and Speed}},
  author={Estivill-Castro, Vladimir and McKenzie, Blair},
  booktitle={Australasian Conference on Robotics and Automation},
  year={2004}
}

@book{prob-rob,
  title={{Probabilistic robotics}},
  author={Thrun, Sebastian and Burgard, Wolfram and Fox, Dieter},
  year={2005},
  publisher={MIT press}
}

@book{kl-divergence,
  title={{Information theory and statistics}},
  author={Kullback, Solomon},
  year=1997,
  publisher={Courier Corporation}
}

@article{density-tree,
  title={{Robust Monte Carlo localization for mobile robots}},
  author={Thrun, Sebastian and Fox, Dieter and Burgard, Wolfram and Dellaert, Frank},
  journal={Artificial intelligence},
  volume={128},
  number={1},
  pages={99--141},
  year={2001},
  publisher={Elsevier}
}

@article{mot,
  title={{Evaluating Multiple Object Tracking Performance: The CLEAR MOT Metrics}},
  author={Keni, Bernardin and Rainer, Stiefelhagen},
  journal={EURASIP Journal on Image and Video Processing},
  volume={2008},
  year={2008},
  publisher={Hindawi Publishing Corporation}
}

@incollection{mot2,
  title={Robust vehicle blob tracking with split/merge handling},
  author={Song, Xuefeng and Nevatia, Ram},
  booktitle={Multimodal Technologies for Perception of Humans},
  pages={216--222},
  year={2007},
  publisher={Springer}
}

@inproceedings{unscalable-eval,
  title={{Monocular Model-Based 3D Vehicle Tracking for Autonomous Vehicles in Unstructured Environment}},
  author={Manz, Michael and Luettel, Thorsten and von Hundelshausen, Felix and Wuensche, H-J},
  booktitle={Robotics and Automation (ICRA), 2011 IEEE International Conference on},
  pages={2465--2471},
  year={2011},
  organization={IEEE}
}