% BiBTeX database file

@INPROCEEDINGS{paper,
AUTHOR    = {David Held AND Jesse Levinson AND Sebastian Thrun AND Silvio Savarese},
TITLE     = {{Combining 3D Shape, Color, and Motion for Robust Anytime Tracking}},
BOOKTITLE = {Proceedings of Robotics: Science and Systems},
YEAR      = {2014},
ADDRESS   = {Berkeley, USA},
MONTH     = {July}
}
@misc{held-website,
  author    = {David Held AND Jesse Levinson AND Sebastian Thrun AND Silvio Savarese},
  title =        {{Anytime Tracking}},
  year={2015},
  howpublished =      {\url{http://stanford.edu/~davheld/DavidHeld_files/RSS2014_Poster.pdf}},
}

@misc{traffic-deaths,
  author    = {{European Commission / Directorate General Energy and Transport}},
  title =        {{Road safety evolution in EU}},
  year={2015},
  howpublished =      {\url{http://ec.europa.eu/transport/road_safety/pdf/observatory/historical_evol.pdf}},
}

@inproceedings{arbitrary-object-recognition,
  title={{Towards 3D Object Recognition via Classification of Arbitrary Object Tracks}},
  author={Teichman, Alex and Levinson, Jesse and Thrun, Sebastian},
  booktitle={Robotics and Automation (ICRA), 2011 IEEE International Conference on},
  pages={4034--4041},
  year={2011},
  organization={IEEE}
}